@article{Yan2013,
    title = {{A Dataset of Spontaneous Micro-Expressions Collected From Neutralized Faces}},
    year = {2013},
    journal = {10th IEEE International Conference and Workshops on},
    author = {Yan, Wen-Jing}
}

@article{Bartlett2010,
    title = {{Automated facial expression measurement: Recent applications to basic research in human behavior, learning, and education}},
    year = {2010},
    journal = {Handbook of Face Perception},
    author = {Bartlett, Marian Stewart and Whitehill, Jacob},
    url = {http://mplab.ucsd.edu/~marni/pubs/Bartlett_FaceHandbook_2010.pdf}
}

@article{Pantic2000,
    title = {{Automatic analysis of facial expressions: the state of the art}},
    year = {2000},
    journal = {IEEE Transactions on Pattern Analysis and Machine Intelligence},
    author = {Pantic, M. and Rothkrantz, L.J.M.},
    number = {12},
    pages = {1424--1445},
    volume = {22},
    isbn = {0162-8828},
    doi = {10.1109/34.895976},
    issn = {0162-8828},
    arxivId = {1203.6722},
    keywords = {Communication channels, Data mining, Emotion recognition, Face detection, Human computer interaction, Image sequence analysis, Man machine systems, Pattern recognition, Robustness, Visual system, automatic analysis, automatic facial expression analyzer, emotion categories, face recognition, facial expressions, feature extraction, human visual system, human-like interaction, image classification, image segment detection, image sequences, neural nets}
}

@article{Lemley2017,
    title = {{Deep Learning for Consumer Devices and Services: Pushing the limits for machine learning, artificial intelligence, and computer vision.}},
    year = {2017},
    journal = {IEEE Consumer Electronics Magazine},
    author = {Lemley, Joe and Bazrafkan, Shabab and Corcoran, Peter},
    number = {2},
    pages = {48--56},
    volume = {6},
    isbn = {2162-2248 VO - 6},
    doi = {10.1109/MCE.2016.2640698},
    issn = {21622256}
}

@article{Hurley2012,
    title = {{Do you see what I see? Learning to detect micro expressions of emotion}},
    year = {2012},
    journal = {Motivation and Emotion},
    author = {Hurley, Carolyn M.},
    number = {3},
    pages = {371--381},
    volume = {36},
    isbn = {0146-7239},
    doi = {10.1007/s11031-011-9257-2},
    issn = {01467239},
    keywords = {Emotion, Facial expression, Micro expression, Training}
}

@article{Lopes2017,
    title = {{Facial expression recognition with Convolutional Neural Networks: Coping with few data and the training sample order}},
    year = {2017},
    journal = {Pattern Recognition},
    author = {Lopes, André Teixeira and de Aguiar, Edilson and De Souza, Alberto F. and Oliveira-Santos, Thiago},
    pages = {610--628},
    volume = {61},
    publisher = {Elsevier},
    url = {http://dx.doi.org/10.1016/j.patcog.2016.07.026},
    doi = {10.1016/j.patcog.2016.07.026},
    issn = {00313203},
    keywords = {Computer vision, Convolutional Neural Networks, Expression specific features, Facial expression recognition, Machine learning}
}

@article{Mollahosseini2016,
    title = {{Going deeper in facial expression recognition using deep neural networks}},
    year = {2016},
    journal = {2016 IEEE Winter Conference on Applications of Computer Vision (WACV)},
    author = {Mollahosseini, Ali and Chan, David and Mahoor, Mohammad H.},
    pages = {1--10},
    url = {http://arxiv.org/abs/1511.04110%0Ahttp://ieeexplore.ieee.org/document/7477450/},
    isbn = {978-1-5090-0641-0},
    doi = {10.1109/WACV.2016.7477450},
    arxivId = {1511.04110}
}

@article{Yan2013a,
    title = {{How Fast are the Leaked Facial Expressions: The Duration of Micro-Expressions}},
    year = {2013},
    journal = {Journal of Nonverbal Behavior},
    author = {Yan, Wen Jing and Wu, Qi and Liang, Jing and Chen, Yu Hsin and Fu, Xiaolan},
    number = {4},
    pages = {217--230},
    volume = {37},
    isbn = {0191-5886},
    doi = {10.1007/s10919-013-0159-8},
    issn = {01915886},
    keywords = {Action units, Duration, Leaked facial expression, Micro-expression}
}

@article{Holmes2017,
    title = {{Near real-time comprehension classification with artificial neural networks: decoding e-Learner non-verbal behaviour}},
    year = {2017},
    journal = {IEEE Transactions on Learning Technologies},
    author = {Holmes, Mike and Latham, Annabel and Crockett, Keeley and OShea, James D.},
    number = {c},
    pages = {1--8},
    volume = {1382},
    doi = {10.1109/TLT.2017.2754497},
    issn = {19391382},
    keywords = {Adaptive and intelligent educational systems, Cameras, Compass, Computational modeling, E-learning tools, Electronic learning, Face and gesture recognition, Image processing, Intelligent tutoring systems, Neural nets, Neural networks, Nonverbal synthesis, Real-time systems}
}

@article{Baltru,
    title = {{OpenFace : an open source facial behavior analysis toolkit}},
    year = {2016},
    journal = {IEEE Winter Conference on},
    author = {Baltruˇ, Tadas and Robinson, Peter}
}

@article{Izaurrieta2010,
    title = {{Redes Neuronales Artificiales}},
    year = {2010},
    journal = {Departamento de F{\'{i}}sica, Universidad de Concepci{\'{o}}n Chile},
    author = {Izaurrieta, Fernando and Saavedra, Carlos},
    number = {July},
    url = {http://nuyoo.utm.mx/~jjf/rna/Ch-csaavedra.pdf}
}

@article{Porter2012,
    title = {{Secrets and Lies: Involuntary Leakage in Deceptive Facial Expressions as a Function of Emotional Intensity}},
    year = {2012},
    journal = {Journal of Nonverbal Behavior},
    author = {Porter, Stephen and ten Brinke, Leanne and Wallace, Brendan},
    number = {1},
    pages = {23--37},
    volume = {36},
    isbn = {0191-5886},
    doi = {10.1007/s10919-011-0120-7},
    issn = {01915886},
    pmid = {918787884},
    keywords = {Deception, Emotional intensity, Facial expression, Universal emotions}
}

@misc{Mendieta2019,
    title = {{TesisDeceit}},
    year = {2019},
    booktitle = {GitHub repository},
    author = {Ant{\'{u}}nez, Jonathan Adrián Mendieta},
    publisher = {GitHub},
    howpublished = {https://github.com/jama94/TesisDeceit}
}

@article{Valstar2011,
    title = {{The first facial expression recognition and analysis challenge}},
    year = {2011},
    journal = {Face and Gesture 2011},
    author = {Valstar, Michel F. and Jiang, Bihan and Mehu, Marc and Pantic, Maja and Scherer, Klaus},
    pages = {921--926},
    url = {http://ieeexplore.ieee.org/document/5771374/},
    isbn = {978-1-4244-9140-7},
    doi = {10.1109/FG.2011.5771374}
}

@article{Ji20133DRecognition,
    title = {{3D Convolutional neural networks for human action recognition}},
    year = {2013},
    journal = {IEEE Transactions on Pattern Analysis and Machine Intelligence},
    author = {Ji, Shuiwang and Xu, Wei and Yang, Ming and Yu, Kai},
    number = {1},
    pages = {221--231},
    volume = {35},
    publisher = {IEEE},
    doi = {10.1109/TPAMI.2012.59},
    issn = {01628828},
    keywords = {3D convolution, Deep learning, action recognition, convolutional neural networks, model combination}
}

@article{KrishnamurthyADetection,
    title = {{A Deep Learning Approach for Multimodal Deception Detection}},
    author = {Krishnamurthy, Gangeshwar and Majumder, Navonil and Poria, Soujanya},
    arxivId = {arXiv:1803.00344v1},
    keywords = {ek laboratories, nanyang technological university, singapore}
}

@article{Uddin2017ALearning,
    title = {{A facial expression recognition system using robust face features from depth videos and deep learning}},
    year = {2017},
    journal = {Computers and Electrical Engineering},
    author = {Uddin, Md Zia and Hassan, Mohammed Mehedi and Almogren, Ahmad and Zuair, Mansour and Fortino, Giancarlo and Torresen, Jim},
    pages = {114--125},
    volume = {63},
    publisher = {Elsevier Ltd},
    isbn = {0045-7906},
    doi = {10.1016/j.compeleceng.2017.04.019},
    issn = {00457906},
    keywords = {Deep belief network, Depth image, Facial expression recognition, Generalized discriminant analysis, Modified local directional patterns}
}

@article{Mihalcea2014ADetection,
    title = {{A Multimodal Dataset for Deception Detection}},
    year = {2014},
    journal = {Proceedings of the Ninth International Conference on Language Resources and Evaluation (LREC'14)},
    author = {Mihalcea, Rada and Narvaez, Alexis and Burzo, Mihai},
    pages = {3118--3122},
    url = {http://www.lrec-conf.org/proceedings/lrec2014/summaries/869.html},
    isbn = {978-2-9517408-8-4},
    keywords = {corpus construction, deception detection, multimodal processing}
}

@article{Bond2006AccuracyJudgments,
    title = {{Accuracy of deception judgments}},
    year = {2006},
    journal = {Personality and Social Psychology Review},
    author = {Bond, Charles F. and DePaulo, Bella M.},
    number = {3},
    pages = {214--234},
    volume = {10},
    doi = {10.1207/s15327957pspr1003{\_}2},
    issn = {10888683}
}

@article{Staunton2011AnExamination,
    title = {{An Investigation of the Guilty Knowledge Test Polygraph Examination}},
    year = {2011},
    journal = {Journal of Criminal Psychology},
    author = {Staunton, Ciara and Hammond, Sean},
    number = {1},
    pages = {1--14},
    volume = {1},
    doi = {10.1108/20093829201100001},
    issn = {20093829},
    keywords = {Deception, Deception detection, Gender, Guilty Knowledge Test (GKT), Psycho-physiological measures}
}

@article{Abouelenien2016AnalyzingApproach,
    title = {{Analyzing Thermal and Visual Clues of Deception for a Non-Contact Deception Detection Approach}},
    year = {2016},
    journal = {Proceedings of the 9th ACM International Conference on PErvasive Technologies Related to Assistive Environments - PETRA '16},
    author = {Abouelenien, Mohamed and Mihalcea, Rada and Burzo, Mihai},
    pages = {1--4},
    url = {http://dl.acm.org/citation.cfm?doid=2910674.2910682},
    isbn = {9781450343374},
    doi = {10.1145/2910674.2910682},
    keywords = {deception, multimodal, physiological, thermal, visual}
}

@article{Majumder2015ArtificialNetwork,
    title = {{Artificial Neural Network}},
    year = {2015},
    author = {Majumder, Mrinmoy},
    pages = {49--54},
    doi = {10.1007/978-981-4560-73-3{\_}3}
}

@article{Gardner1998ArtificialSciences,
    title = {{Artificial neural networks (the multilayer perceptron) - a review of applications in the atmospheric sciences}},
    year = {1998},
    journal = {Atmospheric Environment},
    author = {Gardner, M. W. and Dorling, S. R.},
    number = {14-15},
    pages = {2627--2636},
    volume = {32},
    doi = {10.1016/S1352-2310(97)00447-0},
    issn = {13522310},
    keywords = {Artificial intelligence, Backpropagation, Neural network, Statistical modelling}
}

@article{InBudgetMarch,
    title = {{Budget March}},
    author = {In, Money and Income, Total and Over, Money Left and Out, Money and Expenses, Total}
}

@article{Lu2012Conventional-or-high-capacity-thickeners-a-better-choice-to-make.pdf,
    title = {{Conventional-or-high-capacity-thickeners-a-better-choice-to-make.pdf}},
    year = {2012},
    journal = {Proceedings of the 51st Annual Conference of Metallurgists of CIM},
    author = {Lu, JZ and Grau, JP},
    number = {December},
    isbn = {0739-5175},
    doi = {10.1109/memb.2002.1175139}
}

@article{DePaulo2003CuesDeception,
    title = {{Cues to deception}},
    year = {2003},
    journal = {Psychological Bulletin},
    author = {DePaulo, Bella M. and Malone, Brian E. and Lindsay, James J. and Muhlenbruck, Laura and Charlton, Kelly and Cooper, Harris},
    number = {1},
    pages = {74--118},
    volume = {129},
    doi = {10.1037/0033-2909.129.1.74},
    issn = {00332909}
}

@article{Wu2018DeceptionVideos,
    title = {{Deception Detection in Videos}},
    year = {2018},
    author = {Wu, Zhe and Davis, Larry S},
    arxivId = {arXiv:1712.04415v1}
}

@article{Perez-rosasDeceptionData,
    title = {{Deception Detection using Real-life Trial Data}},
    author = {P{\'{e}}rez-rosas, Verónica},
    pages = {59--66},
    isbn = {9781450339124},
    keywords = {deception detection, multimodal, non-verbal, real-life trial, verbal}
}

@article{Yang2017DeepImages,
    title = {{Deep convolutional neural networks for automatic segmentation of left ventricle cavity from cardiac magnetic resonance images}},
    year = {2017},
    journal = {IET Computer Vision},
    author = {Yang, Xulei and Zeng, Zeng and Yi, Su},
    number = {8},
    pages = {643--649},
    volume = {11},
    doi = {10.1049/iet-cvi.2016.0482},
    issn = {17519640}
}

@article{Lecun2015DeepLearning,
    title = {{Deep learning}},
    year = {2015},
    journal = {Nature},
    author = {Lecun, Yann and Bengio, Yoshua and Hinton, Geoffrey},
    number = {7553},
    pages = {436--444},
    volume = {521},
    doi = {10.1038/nature14539},
    issn = {14764687}
}

@article{Mobahi2009DeepVideo,
    title = {{Deep Learning from Temporal Coherence in Video}},
    year = {2009},
    journal = {Proc. International Conference on Machine Learning},
    author = {Mobahi, Hossein and Collobert, Ronan and Weston, Jason},
    pages = {737--744},
    isbn = {9781605585161},
    doi = {10.1145/1553374.1553469}
}

@article{Schmidhuber2015DeepOverview,
    title = {{Deep Learning in neural networks: An overview}},
    year = {2015},
    journal = {Neural Networks},
    author = {Schmidhuber, Jürgen},
    pages = {85--117},
    volume = {61},
    publisher = {Elsevier Ltd},
    url = {http://dx.doi.org/10.1016/j.neunet.2014.09.003},
    doi = {10.1016/j.neunet.2014.09.003},
    issn = {18792782},
    keywords = {Deep learning, Evolutionary computation, Reinforcement learning, Supervised learning, Unsupervised learning}
}

@article{AnDeepDetection,
    title = {{Deep Personality Recognition For Deception Detection}},
    author = {An, Guozhen and Levitan, Sarah Ita and Hirschberg, Julia and Levitan, Rivka},
    number = {Cxd},
    pages = {2--6}
}

@article{Akehurst2004DetectingResearch,
    title = {{Detecting Deceit Via Analyses of Verbal and Nonverbal Behavior in Children University of Portsmouth PORTSMOUTH UNITED KINGDOM This Article Draft Version Has been retrieved from the University of Portsmouth ’ s Research Repository : To contact the Research}},
    year = {2004},
    author = {Akehurst, Lucy},
    number = {January},
    doi = {10.1111/j.1468-2958.2004.tb00723.x}
}

@article{Vrij2000DetectingBehavior,
    title = {{Detecting Deceit via Analysis of Verbal and Nonverbal Behavior}},
    year = {2000},
    journal = {The Journal of Nonverbal Behavior},
    author = {Vrij, Aldert and Edward, Katherine and Roberts, Kim P. and Bull, Ray},
    number = {2},
    pages = {239--263},
    volume = {4},
    isbn = {0191-5886},
    doi = {10.1111/j.1468-2958.2004.tb00723.x},
    issn = {01915886},
    keywords = {1, by observing how, criteria-based content anal-, detecting deceit, in principle, liars, nonverbal behavior, reality monitoring, smile or show, the movements they make, there are, they behave, three ways to catch, whether or not they, ysis}
}

@article{Perez-rosas2000DetectingBehavior,
    title = {{Detecting Deceit via Analysis of Verbal and Nonverbal Behavior}},
    year = {2000},
    journal = {The Journal of Nonverbal Behavior},
    author = {P{\'{e}}rez-rosas, Verónica and Ji, Shuiwang and Xu, Wei and Yang, Ming and Yu, Kai and Krishnamurthy, Gangeshwar and Majumder, Navonil and Poria, Soujanya and Wu, Zhe and Davis, Larry S and Vrij, Aldert and Edward, Katherine and Roberts, Kim P. and Bull, Ray},
    number = {2},
    pages = {239--263},
    volume = {4},
    isbn = {0191-5886},
    doi = {10.1111/j.1468-2958.2004.tb00723.x},
    issn = {01915886},
    arxivId = {arXiv:1712.04415v1},
    keywords = {1, by observing how, criteria-based content anal-, deception detection, detecting deceit, ek laboratories, in principle, liars, multimodal, nanyang technological university, non-verbal, nonverbal behavior, real-life trial, reality monitoring, singapore, smile or show, the movements they make, there are, they behave, three ways to catch, verbal, whether or not they, ysis}
}

@article{Abouelenien2017DetectingModalities,
    title = {{Detecting Deceptive Behavior via Integration of Discriminative Features from Multiple Modalities}},
    year = {2017},
    journal = {IEEE Transactions on Information Forensics and Security},
    author = {Abouelenien, Mohamed and Perez-Rosas, Veronica and Mihalcea, Rada and Burzo, Mihai},
    number = {5},
    pages = {1042--1055},
    volume = {12},
    doi = {10.1109/TIFS.2016.2639344},
    issn = {15566013},
    keywords = {Deception detection, linguistic features, multimodal processing, physiological features, thermal features}
}

@book{GonzalezDigitalProcessing.pdf,
    title = {{Digital Image Processing.pdf}},
    author = {Gonzalez, Rafael C and Woods, Richard E and Scott, Art Heather and Hall, Pearson Prentice},
    isbn = {9780131687288},
    doi = {10.2307/1574313},
    issn = {0024094X},
    pmid = {21468981},
    arxivId = {arXiv:1011.1669v3}
}

@article{LaplacianEdgeFilter,
    title = {{edge detection (Sobel filter/Prewitt filter)}},
    author = {Laplacian, The},
    url = {http://www.mis.med.akita-u.ac.jp/~kata/image/sobelprew.html}
}

@article{Caille1980EtudeThymie,
    title = {{Etude Correlee Des Effets Du Se 5023 En Atmosphere Hypoxique Sur L'Eeg Quantifie, La Vigilance, La Memoire Et La Thymie}},
    year = {1980},
    journal = {Psychologie Medicale},
    author = {Caille, E. J.},
    number = {7},
    pages = {1589--1599},
    volume = {12},
    issn = {00485756},
    keywords = {-feedforward, back-propagation networks, capability, mapping networks, network representation, networks, sigma-pi networks, squashing functions, stone-weierstrass theorem, universal approximation}
}

@article{Uddin2017FacialNetwork,
    title = {{Facial Expression Recognition Utilizing Local Direction-Based Robust Features and Deep Belief Network}},
    year = {2017},
    journal = {IEEE Access},
    author = {Uddin, Md Zia and Hassan, Mohammad Mehedi and Almogren, Ahmad and Alamri, Atif and Alrubaian, Majed and Fortino, Giancarlo},
    pages = {4525--4536},
    volume = {5},
    doi = {10.1109/ACCESS.2017.2676238},
    issn = {21693536},
    keywords = {Facial expressions recognition (FER), deep belief network (DBN), depth image, generalized discriminant analysis (GDA), local directional pattern (LDP), principal component analysis (PCA)}
}

@article{Pollina2006FacialTest,
    title = {{Facial skin surface temperature changes during a "concealed information" test}},
    year = {2006},
    journal = {Annals of Biomedical Engineering},
    author = {Pollina, Dean A. and Dollins, Andrew B. and Senter, Stuart M. and Brown, Troy E. and Pavlidis, Ioannis and Levine, James A. and Ryan, Andrew H.},
    number = {7},
    pages = {1182--1189},
    volume = {34},
    isbn = {1043900691},
    doi = {10.1007/s10439-006-9143-3},
    issn = {00906964},
    keywords = {Behavior/Physiologic behavior, Face temperature, Imaging/Infrared thermography, Polygraph}
}

@article{Williams2008IIndustry,
    title = {{I love you-goodbye: Exit Interviews and Turnover in the New Zealand Hotel Industry}},
    year = {2008},
    journal = {New Zealand Journal of Employment Relations},
    author = {Williams, David and Harris, Candice and Parker, John},
    number = {3},
    pages = {70--90},
    volume = {33},
    url = {https://moodle.whitireia.ac.nz/pluginfile.php/1148342/mod_resource/content/1/Williams Harris and Parker 2008.pdf}
}

@article{Tsiamyrtzis2007ImagingDeceit,
    title = {{Imaging facial physiology for the detection of deceit}},
    year = {2007},
    journal = {International Journal of Computer Vision},
    author = {Tsiamyrtzis, P. and Dowdall, J. and Shastri, D. and Pavlidis, I. T. and Frank, M. G. and Ekman, P.},
    number = {2},
    pages = {197--214},
    volume = {71},
    isbn = {0920-5691},
    doi = {10.1007/s11263-006-6106-y},
    issn = {09205691},
    keywords = {Contact-free physiological monitoring, Deception detection, Facial tracking, Polygraph, Thermography}
}

@article{Tabares2013ImprovingDropout,
    title = {{Improving Neural Networks with Dropout}},
    year = {2013},
    author = {Tabares, Ivan}
}

@book{Hawkin2014IntriguingFergus,
    title = {{Intriguing properties of neural networks, Christian Szegedy, Wojciech Zaremba, Ilya Sutskever, Joan Bruna, Dumitru Erhan, Ian Goodfellow, Rob Fergus}},
    year = {2014},
    booktitle = {arXiv preprint},
    author = {{Hawkin}},
    pages = {1--10},
    url = {https://arxiv.org/pdf/1312.6199v4.pdf},
    isbn = {9780131471399},
    doi = {978-0131471399},
    issn = {14337851},
    pmid = {18263374},
    arxivId = {1312.6199v4},
    keywords = {Machines Learning, Neural Network}
}

@article{Tsiamyrtzis2005LieVideo,
    title = {{Lie detection - Recovery of the periorbital signal through tandem tracking and noise suppression in thermal facial video}},
    year = {2005},
    journal = {Proceedings of SPIE - The International Society for Optical Engineering},
    author = {Tsiamyrtzis, P. and Dowdall, J. and Shastri, D. and Pavlidis, I. and Frank, M.G. and Eckman, P.},
    number = {PART II},
    volume = {5778},
    issn = {0277786X},
    keywords = {Polygraph, Thermography, Touchless monitoring, Tracking}
}

@article{Grubin2005LieReview,
    title = {{Lie detection and the polygraph: A historical review}},
    year = {2005},
    journal = {Journal of Forensic Psychiatry and Psychology},
    author = {Grubin, Don and Madsen, Lars},
    number = {2},
    pages = {357--369},
    volume = {16},
    doi = {10.1080/14789940412331337353},
    issn = {14789949},
    keywords = {History of the polygraph, Lie detection, Lying, Polygraphy}
}

@article{Bhaskaran2011LieLearning,
    title = {{Lie to Me: Deceit detection via online behavioral learning}},
    year = {2011},
    journal = {2011 IEEE International Conference on Automatic Face and Gesture Recognition and Workshops, FG 2011},
    author = {Bhaskaran, Nisha and Nwogu, Ifeoma and Frank, Mark G. and Govindaraju, Venu},
    pages = {24--29},
    isbn = {9781424491407},
    doi = {10.1109/FG.2011.5771407}
}

@article{Lloyd2019MiamiDatabase,
    title = {{Miami University deception detection database}},
    year = {2019},
    journal = {Behavior Research Methods},
    author = {Lloyd, E. Paige and Deska, Jason C. and Hugenberg, Kurt and McConnell, Allen R. and Humphrey, Brandon T. and Kunstman, Jonathan W.},
    number = {1},
    pages = {429--439},
    volume = {51},
    publisher = {Behavior Research Methods},
    doi = {10.3758/s13428-018-1061-4},
    issn = {15543528},
    keywords = {Lie detection, Stimulus set, Video database}
}

@article{Kalaiselvi2017ModifiedSegmentation,
    title = {{Modified Kirsch ' s Method for Edge Based Image Segmentation Modified Kirsch ’ s Method for Edge Based Image Segmentation}},
    year = {2017},
    author = {Kalaiselvi, T and Prasanna, J Rani},
    number = {February},
    keywords = {edge, image processing, kirsch, magnetic resonance imaging, s edge detection, segmentation}
}

@article{Tetko1995Neural1.,
    title = {{Neural Network Studies. 1.}},
    year = {1995},
    author = {Tetko, Igor V and Livingstone, David J and Luik, Alexander I},
    pages = {826--833}
}

@article{Chernyatin1968NNDesign,
    title = {{NNDesign}},
    year = {1968},
    journal = {Metallurgist},
    author = {Chernyatin, A. N. and Ostroukhov, M. Ya},
    number = {3},
    pages = {125--127},
    volume = {12},
    doi = {10.1007/BF00738424},
    issn = {00260894}
}

@article{Caruana2001OverfittingStopping,
    title = {{Overfitting in neural nets: Backpropagation, conjugate gradient, and early stopping}},
    year = {2001},
    journal = {Advances in Neural Information Processing Systems},
    author = {Caruana, Rich and Lawrence, Steve and Giles, Lee},
    isbn = {0262122413},
    issn = {10495258}
}

@article{Goossens2014Quasar:GPU,
    title = {{Quasar: a new heterogeneous programming framework for image and video processing algorithms on CPU and GPU}},
    year = {2014},
    journal = {Proc. IEEE International Conference on Image Processing},
    author = {Goossens, Bart and De Vylder, Jonas and Philips, Wilfried},
    pages = {2183--2185},
    isbn = {9781479957514},
    doi = {10.1109/ICIP.2014.7025441}
}

@article{Klose2015SamplingProcessing,
    title = {{Sampling based scene-space video processing}},
    year = {2015},
    journal = {ACM Transactions on Graphics},
    author = {Klose, Felix and Wang, Oliver and Bazin, Jean-Charles and Magnor, Marcus and Sorkine-Hornung, Alexander},
    number = {4},
    pages = {1--67},
    volume = {34},
    url = {http://dl.acm.org/citation.cfm?doid=2809654.2766920},
    isbn = {9781450333313},
    doi = {10.1145/2766920},
    issn = {07300301},
    keywords = {Video processing, Sampling, Inpainting, Denoising,, computational shutters, denoising, inpainting, sampling, video processing}
}

@article{Gupta2013SobelAlgorithm,
    title = {{Sobel edge detection algorithm}},
    year = {2013},
    journal = {International Journal of Computer Science and Management Research},
    author = {Gupta, Samta and Ghosh Mazumdar, Susmita},
    number = {2},
    pages = {1578--1583},
    volume = {2},
    keywords = {are therefore a problem, edge detection, edge operator, edges characterize boundaries and, edges in images, fundamental importance in image, gradient matrices, image, of, processing, sobel}
}

@article{Rajoub2014ThermalDetection,
    title = {{Thermal Facial Analysis for Deception Detection}},
    year = {2014},
    journal = {IEEE Transactions on Information Forensics and Security},
    author = {Rajoub, Bashar A. and Zwiggelaar, Reyer},
    number = {6},
    pages = {1015--1023},
    volume = {9},
    publisher = {IEEE},
    doi = {10.1109/TIFS.2014.2317309},
    issn = {15566013},
    keywords = {Accuracy, Feature extraction, Imaging, Interviews, Robustness, Stress, Thermal analysis}
}

@article{Warmelink2011ThermalAirports,
    title = {{Thermal imaging as a lie detection tool at airports}},
    year = {2011},
    journal = {Law and Human Behavior},
    author = {Warmelink, Lara and Vrij, Aldert and Mann, Samantha and Leal, Sharon and Forrester, Dave and Fisher, Ronald P.},
    number = {1},
    pages = {40--48},
    volume = {35},
    isbn = {1097901092},
    doi = {10.1007/s10979-010-9251-3},
    issn = {01477307},
    keywords = {Deception, Interviewing, Thermal imaging}
}

@article{MeservyThroughBehavior,
    title = {{through Automatic , of Nonverbal Behavior}},
    journal = {IEEE Intelligent Systems},
    author = {Meservy, Thomas O and Jensen, Matthew L and Kruse, John and Burgoon, Judee K and Jay, F and Twitchell, Douglas P and Tsechpenakis, Gabriel and Metaxas, Dimitris N}
}

@article{Lin2014User-levelNetwork,
    title = {{User-level psychological stress detection from social media using deep neural network}},
    year = {2014},
    journal = {Proceedings of the ACM International Conference on Multimedia - MM '14},
    author = {Lin, Huijie and Jia, Jia and Guo, Quan and Xue, Yuanyuan and Li, Qi and Huang, Jie and Cai, Lianhong and Feng, Ling},
    pages = {507--516},
    url = {http://dl.acm.org/citation.cfm?doid=2647868.2654945},
    isbn = {9781450330633},
    doi = {10.1145/2647868.2654945}
}

@article{SchindlerVanRequire,
    title = {{van Gool. Action snippets: How many frames does human action recognition require}},
    journal = {In CVPR},
    author = {Schindler, K and {L}},
    volume = {081238}
}

@article{Perez-Rosas2015VerbalDetection,
    title = {{Verbal and nonverbal clues for real-life deception detection}},
    year = {2015},
    journal = {Conference Proceedings - EMNLP 2015: Conference on Empirical Methods in Natural Language Processing},
    author = {P{\'{e}}rez-Rosas, Verónica and Abouelenien, Mohamed and Mihalcea, Rada and Xiao, Yao and Linton, C. J. and Burzo, Mihai},
    number = {September},
    pages = {2336--2346},
    isbn = {9781941643327}
}

@article{Aamondt2006WhoDeception,
    title = {{Who can best catch a liar? A meta-analysis of individual differences in detecting deception}},
    year = {2006},
    journal = {The Forensic Examiner},
    author = {Aamondt, Michael G. and Custer, Heather},
    number = {February},
    pages = {6--11},
    volume = {15},
    url = {http://www.questia.com/library/1G1-142682689/who-can-best-catch-a-liar-a-meta-analysis-of-individual},
    isbn = {1084-5569(Print)},
    issn = {1084-5569}
}